@inproceedings{turk1991face,
  title={Face recognition using eigenfaces},
  author={Turk, Matthew A and Pentland, Alex P},
  booktitle={Computer Vision and Pattern Recognition, 1991. Proceedings CVPR'91., IEEE Computer Society Conference on},
  pages={586--591},
  year={1991},
  organization={IEEE}
}

@article{ahonen2006face,
  title={Face description with local binary patterns: Application to face recognition},
  author={Ahonen, Timo and Hadid, Abdenour and Pietikainen, Matti},
  journal={Pattern Analysis and Machine Intelligence, IEEE Transactions on},
  volume={28},
  number={12},
  pages={2037--2041},
  year={2006},
  publisher={IEEE}
}

@inproceedings{Samaria1995Parameterisation,
	title={Parameterisation of a stochastic model for human face identification},
	author={Samaria, F. S. and Harter, A. C.},
	booktitle={Applications of Computer Vision, 1994., Proceedings of the Second IEEE Workshop on},
	pages={138 - 142},
	year={1995},
}

@article{opencv_library, 
    author = {Bradski, G.}, 
    citeulike-article-id = {2236121}, 
    journal = {Dr. Dobb's Journal of Software Tools}, 
    keywords = {bibtex-import}, 
    posted-at = {2008-01-15 19:21:54}, 
    priority = {4}, 
    title = {{The OpenCV Library}}, 
    year = {2000} 
}
 
@inproceedings{viola2001rapid,
  title={Rapid object detection using a boosted cascade of simple features},
  author={Viola, Paul and Jones, Michael},
  booktitle={Computer Vision and Pattern Recognition, 2001. CVPR 2001. Proceedings of the 2001 IEEE Computer Society Conference on},
  volume={1},
  pages={I--511},
  year={2001},
  organization={IEEE}
}

@inproceedings{chen2013blessing,
  title={Blessing of dimensionality: High-dimensional feature and its efficient compression for face verification},
  author={Chen, Dong and Cao, Xudong and Wen, Fang and Sun, Jian},
  booktitle={Proceedings of the IEEE Conference on Computer Vision and Pattern Recognition},
  pages={3025--3032},
  year={2013}
}

@article{ojala1996comparative,
  title={A comparative study of texture measures with classification based on featured distributions},
  author={Ojala, Timo and Pietik{\"a}inen, Matti and Harwood, David},
  journal={Pattern recognition},
  volume={29},
  number={1},
  pages={51--59},
  year={1996},
  publisher={Elsevier}
}

@article{ojala2002multiresolution,
	title={Multiresolution gray-scale and rotation invariant texture classification with local binary patterns},
	author={Ojala, Timo and Pietik{\"a}inen, Matti and M{\"a}enp{\"a}{\"a}, Topi},
	journal={Pattern Analysis and Machine Intelligence, IEEE Transactions on},
	volume={24},
	number={7},
	pages={971--987},
	year={2002},
	publisher={IEEE}
}

@inproceedings{dalal2005histograms,
	title={Histograms of oriented gradients for human detection},
	author={Dalal, Navneet and Triggs, Bill},
	booktitle={Computer Vision and Pattern Recognition, 2005. CVPR 2005. IEEE Computer Society Conference on},
	volume={1},
	pages={886--893},
	year={2005},
	organization={IEEE}
}

@InProceedings{Parkhi15,
	author       = "Parkhi, O. M. and Vedaldi, A. and Zisserman, A.",
	title        = "Deep Face Recognition",
	booktitle    = "British Machine Vision Conference",
	year         = "2015",
}

@article{gale1962college,
	title={College admissions and the stability of marriage},
	author={Gale, David and Shapley, Lloyd S},
	journal={The American Mathematical Monthly},
	volume={69},
	number={1},
	pages={9--15},
	year={1962},
	publisher={JSTOR}
}